%YAML 1.1
%TAG !u! tag:unity3d.com,2011:
--- !u!1 &987199310910310583
GameObject:
  m_ObjectHideFlags: 0
  m_CorrespondingSourceObject: {fileID: 0}
  m_PrefabInstance: {fileID: 0}
  m_PrefabAsset: {fileID: 0}
  serializedVersion: 6
  m_Component:
  - component: {fileID: 990375164502167629}
  m_Layer: 0
  m_Name: LeftHandRing2
  m_TagString: Untagged
  m_Icon: {fileID: 0}
  m_NavMeshLayer: 0
  m_StaticEditorFlags: 0
  m_IsActive: 1
--- !u!4 &990375164502167629
Transform:
  m_ObjectHideFlags: 0
  m_CorrespondingSourceObject: {fileID: 0}
  m_PrefabInstance: {fileID: 0}
  m_PrefabAsset: {fileID: 0}
  m_GameObject: {fileID: 987199310910310583}
  m_LocalRotation: {x: 0.37869972, y: -0.00028296278, z: 0.003533763, w: 0.9255128}
  m_LocalPosition: {x: 0.00006444419, y: 0.02870766, z: 0.00000014985942}
  m_LocalScale: {x: 1, y: 1, z: 1}
  m_Children:
  - {fileID: 990375166378988463}
  m_Father: {fileID: 990375166220947097}
  m_RootOrder: 0
  m_LocalEulerAnglesHint: {x: 0, y: 0, z: 0}
--- !u!1 &987199310950521179
GameObject:
  m_ObjectHideFlags: 0
  m_CorrespondingSourceObject: {fileID: 0}
  m_PrefabInstance: {fileID: 0}
  m_PrefabAsset: {fileID: 0}
  serializedVersion: 6
  m_Component:
  - component: {fileID: 990375165881768299}
  m_Layer: 0
  m_Name: RightUpLeg
  m_TagString: Untagged
  m_Icon: {fileID: 0}
  m_NavMeshLayer: 0
  m_StaticEditorFlags: 0
  m_IsActive: 1
--- !u!4 &990375165881768299
Transform:
  m_ObjectHideFlags: 0
  m_CorrespondingSourceObject: {fileID: 0}
  m_PrefabInstance: {fileID: 0}
  m_PrefabAsset: {fileID: 0}
  m_GameObject: {fileID: 987199310950521179}
  m_LocalRotation: {x: -0.00067503727, y: -0.008328159, z: 0.9999088, w: -0.010614885}
  m_LocalPosition: {x: 0.06800782, y: -0.050893568, z: 0.013157195}
  m_LocalScale: {x: 1, y: 1, z: 1}
  m_Children:
  - {fileID: 990375167525398911}
  m_Father: {fileID: 990375164942801079}
  m_RootOrder: 1
  m_LocalEulerAnglesHint: {x: 0, y: 0, z: 0}
--- !u!1 &987199311093119525
GameObject:
  m_ObjectHideFlags: 0
  m_CorrespondingSourceObject: {fileID: 0}
  m_PrefabInstance: {fileID: 0}
  m_PrefabAsset: {fileID: 0}
  serializedVersion: 6
  m_Component:
  - component: {fileID: 990375164779468305}
  m_Layer: 0
  m_Name: Neck
  m_TagString: Untagged
  m_Icon: {fileID: 0}
  m_NavMeshLayer: 0
  m_StaticEditorFlags: 0
  m_IsActive: 1
--- !u!4 &990375164779468305
Transform:
  m_ObjectHideFlags: 0
  m_CorrespondingSourceObject: {fileID: 0}
  m_PrefabInstance: {fileID: 0}
  m_PrefabAsset: {fileID: 0}
  m_GameObject: {fileID: 987199311093119525}
  m_LocalRotation: {x: 0.10089813, y: 1.9473557e-14, z: 2.3051523e-13, w: 0.99489677}
  m_LocalPosition: {x: 1.5225327e-14, y: 0.1405522, z: -0.00000041186033}
  m_LocalScale: {x: 1, y: 1, z: 1}
  m_Children:
  - {fileID: 990375168049595775}
  m_Father: {fileID: 990375166802021759}
  m_RootOrder: 1
  m_LocalEulerAnglesHint: {x: 0, y: 0, z: 0}
--- !u!1 &987199311097659677
GameObject:
  m_ObjectHideFlags: 0
  m_CorrespondingSourceObject: {fileID: 0}
  m_PrefabInstance: {fileID: 0}
  m_PrefabAsset: {fileID: 0}
  serializedVersion: 6
  m_Component:
  - component: {fileID: 990375164243075797}
  m_Layer: 0
  m_Name: RightHandRing1
  m_TagString: Untagged
  m_Icon: {fileID: 0}
  m_NavMeshLayer: 0
  m_StaticEditorFlags: 0
  m_IsActive: 1
--- !u!4 &990375164243075797
Transform:
  m_ObjectHideFlags: 0
  m_CorrespondingSourceObject: {fileID: 0}
  m_PrefabInstance: {fileID: 0}
  m_PrefabAsset: {fileID: 0}
  m_GameObject: {fileID: 987199311097659677}
  m_LocalRotation: {x: 0.62552834, y: -0.3229966, z: -0.039679736, w: 0.7090931}
  m_LocalPosition: {x: 0.01459718, y: 0.101573385, z: -0.004224234}
  m_LocalScale: {x: 1, y: 1, z: 1}
  m_Children:
  - {fileID: 990375166496550507}
  m_Father: {fileID: 990375164389832719}
  m_RootOrder: 3
  m_LocalEulerAnglesHint: {x: 0, y: 0, z: 0}
--- !u!1 &987199311201034579
GameObject:
  m_ObjectHideFlags: 0
  m_CorrespondingSourceObject: {fileID: 0}
  m_PrefabInstance: {fileID: 0}
  m_PrefabAsset: {fileID: 0}
  serializedVersion: 6
  m_Component:
  - component: {fileID: 990375166098217203}
  m_Layer: 0
  m_Name: RightHandPinky3
  m_TagString: Untagged
  m_Icon: {fileID: 0}
  m_NavMeshLayer: 0
  m_StaticEditorFlags: 0
  m_IsActive: 1
--- !u!4 &990375166098217203
Transform:
  m_ObjectHideFlags: 0
  m_CorrespondingSourceObject: {fileID: 0}
  m_PrefabInstance: {fileID: 0}
  m_PrefabAsset: {fileID: 0}
  m_GameObject: {fileID: 987199311201034579}
  m_LocalRotation: {x: 0.17146513, y: 0.0023310562, z: -0.02206515, w: 0.98494035}
  m_LocalPosition: {x: 0.00019345812, y: 0.023740819, z: -0.00000042023885}
  m_LocalScale: {x: 1, y: 1, z: 1}
  m_Children:
  - {fileID: 990375165285090267}
  m_Father: {fileID: 990375166602634837}
  m_RootOrder: 0
  m_LocalEulerAnglesHint: {x: 0, y: 0, z: 0}
--- !u!1 &987199311227455983
GameObject:
  m_ObjectHideFlags: 0
  m_CorrespondingSourceObject: {fileID: 0}
  m_PrefabInstance: {fileID: 0}
  m_PrefabAsset: {fileID: 0}
  serializedVersion: 6
  m_Component:
  - component: {fileID: 990375166010296953}
  m_Layer: 0
  m_Name: LeftToe_End
  m_TagString: Untagged
  m_Icon: {fileID: 0}
  m_NavMeshLayer: 0
  m_StaticEditorFlags: 0
  m_IsActive: 1
--- !u!4 &990375166010296953
Transform:
  m_ObjectHideFlags: 0
  m_CorrespondingSourceObject: {fileID: 0}
  m_PrefabInstance: {fileID: 0}
  m_PrefabAsset: {fileID: 0}
  m_GameObject: {fileID: 987199311227455983}
  m_LocalRotation: {x: 0, y: -0, z: -0, w: 1}
  m_LocalPosition: {x: 2.9326322e-10, y: 0.0697092, z: -1.2211786e-10}
  m_LocalScale: {x: 1, y: 1, z: 1}
  m_Children: []
  m_Father: {fileID: 990375168228815937}
  m_RootOrder: 0
  m_LocalEulerAnglesHint: {x: 0, y: 0, z: 0}
--- !u!1 &987199311240517341
GameObject:
  m_ObjectHideFlags: 0
  m_CorrespondingSourceObject: {fileID: 0}
  m_PrefabInstance: {fileID: 0}
  m_PrefabAsset: {fileID: 0}
  serializedVersion: 6
  m_Component:
  - component: {fileID: 990375164817429815}
  m_Layer: 0
  m_Name: LeftHandMiddle4
  m_TagString: Untagged
  m_Icon: {fileID: 0}
  m_NavMeshLayer: 0
  m_StaticEditorFlags: 0
  m_IsActive: 1
--- !u!4 &990375164817429815
Transform:
  m_ObjectHideFlags: 0
  m_CorrespondingSourceObject: {fileID: 0}
  m_PrefabInstance: {fileID: 0}
  m_PrefabAsset: {fileID: 0}
  m_GameObject: {fileID: 987199311240517341}
  m_LocalRotation: {x: -0.00000028744088, y: 0.00000008847308, z: -0.000000036654107, w: 1}
  m_LocalPosition: {x: -0.000016529511, y: 0.024351573, z: 0.0000001271241}
  m_LocalScale: {x: 1, y: 1, z: 1}
  m_Children: []
  m_Father: {fileID: 990375165197227293}
  m_RootOrder: 0
  m_LocalEulerAnglesHint: {x: 0, y: 0, z: 0}
--- !u!1 &987199311261507891
GameObject:
  m_ObjectHideFlags: 0
  m_CorrespondingSourceObject: {fileID: 0}
  m_PrefabInstance: {fileID: 0}
  m_PrefabAsset: {fileID: 0}
  serializedVersion: 6
  m_Component:
  - component: {fileID: 990375165548837633}
  m_Layer: 0
  m_Name: RightForeArm
  m_TagString: Untagged
  m_Icon: {fileID: 0}
  m_NavMeshLayer: 0
  m_StaticEditorFlags: 0
  m_IsActive: 1
--- !u!4 &990375165548837633
Transform:
  m_ObjectHideFlags: 0
  m_CorrespondingSourceObject: {fileID: 0}
  m_PrefabInstance: {fileID: 0}
  m_PrefabAsset: {fileID: 0}
  m_GameObject: {fileID: 987199311261507891}
  m_LocalRotation: {x: 0.16784741, y: -0.0024774375, z: 0.7608221, w: 0.6268739}
  m_LocalPosition: {x: -0.000007153272, y: 0.2286758, z: -0.00011216318}
  m_LocalScale: {x: 1, y: 1, z: 1}
  m_Children:
  - {fileID: 990375164389832719}
  m_Father: {fileID: 990375167497531197}
  m_RootOrder: 0
  m_LocalEulerAnglesHint: {x: 0, y: 0, z: 0}
--- !u!1 &987199311278751323
GameObject:
  m_ObjectHideFlags: 0
  m_CorrespondingSourceObject: {fileID: 0}
  m_PrefabInstance: {fileID: 0}
  m_PrefabAsset: {fileID: 0}
  serializedVersion: 6
  m_Component:
  - component: {fileID: 990375165907188179}
  m_Layer: 0
  m_Name: LeftLeg
  m_TagString: Untagged
  m_Icon: {fileID: 0}
  m_NavMeshLayer: 0
  m_StaticEditorFlags: 0
  m_IsActive: 1
--- !u!4 &990375165907188179
Transform:
  m_ObjectHideFlags: 0
  m_CorrespondingSourceObject: {fileID: 0}
  m_PrefabInstance: {fileID: 0}
  m_PrefabAsset: {fileID: 0}
  m_GameObject: {fileID: 987199311278751323}
  m_LocalRotation: {x: -0.01872993, y: -0.000049344904, z: 0.020390298, w: 0.9996167}
  m_LocalPosition: {x: 0.0000000018653037, y: 0.40621477, z: 4.5015894e-10}
  m_LocalScale: {x: 1, y: 1, z: 1}
  m_Children:
  - {fileID: 990375167338509401}
  m_Father: {fileID: 990375166343126167}
  m_RootOrder: 0
  m_LocalEulerAnglesHint: {x: 0, y: 0, z: 0}
--- !u!1 &987199311336195305
GameObject:
  m_ObjectHideFlags: 0
  m_CorrespondingSourceObject: {fileID: 0}
  m_PrefabInstance: {fileID: 0}
  m_PrefabAsset: {fileID: 0}
  serializedVersion: 6
  m_Component:
  - component: {fileID: 990375168311081709}
  m_Layer: 0
  m_Name: RightHandRing3
  m_TagString: Untagged
  m_Icon: {fileID: 0}
  m_NavMeshLayer: 0
  m_StaticEditorFlags: 0
  m_IsActive: 1
--- !u!4 &990375168311081709
Transform:
  m_ObjectHideFlags: 0
  m_CorrespondingSourceObject: {fileID: 0}
  m_PrefabInstance: {fileID: 0}
  m_PrefabAsset: {fileID: 0}
  m_GameObject: {fileID: 987199311336195305}
  m_LocalRotation: {x: 0.21598399, y: -0.00008978325, z: -0.0032372428, w: 0.97639155}
  m_LocalPosition: {x: 0.000021573265, y: 0.028020393, z: -0.00000028253052}
  m_LocalScale: {x: 1, y: 1, z: 1}
  m_Children:
  - {fileID: 990375164163120497}
  m_Father: {fileID: 990375166496550507}
  m_RootOrder: 0
  m_LocalEulerAnglesHint: {x: 0, y: 0, z: 0}
--- !u!1 &987199311520897219
GameObject:
  m_ObjectHideFlags: 0
  m_CorrespondingSourceObject: {fileID: 0}
  m_PrefabInstance: {fileID: 0}
  m_PrefabAsset: {fileID: 0}
  serializedVersion: 6
  m_Component:
  - component: {fileID: 990375167126792379}
  m_Layer: 0
  m_Name: Weapon_Root
  m_TagString: Untagged
  m_Icon: {fileID: 0}
  m_NavMeshLayer: 0
  m_StaticEditorFlags: 0
  m_IsActive: 1
--- !u!4 &990375167126792379
Transform:
  m_ObjectHideFlags: 0
  m_CorrespondingSourceObject: {fileID: 0}
  m_PrefabInstance: {fileID: 0}
  m_PrefabAsset: {fileID: 0}
  m_GameObject: {fileID: 987199311520897219}
  m_LocalRotation: {x: 0.9752603, y: -0.20991546, z: -0.03115848, w: 0.061902706}
  m_LocalPosition: {x: -0, y: 0, z: 0}
  m_LocalScale: {x: 1, y: 1, z: 1}
  m_Children:
  - {fileID: 990375165088021869}
  m_Father: {fileID: 990375164389832719}
  m_RootOrder: 5
  m_LocalEulerAnglesHint: {x: 0, y: 0, z: 0}
--- !u!1 &987199311541151767
GameObject:
  m_ObjectHideFlags: 0
  m_CorrespondingSourceObject: {fileID: 0}
  m_PrefabInstance: {fileID: 0}
  m_PrefabAsset: {fileID: 0}
  serializedVersion: 6
  m_Component:
  - component: {fileID: 990375165144037677}
  m_Layer: 0
  m_Name: LeftHandPinky2
  m_TagString: Untagged
  m_Icon: {fileID: 0}
  m_NavMeshLayer: 0
  m_StaticEditorFlags: 0
  m_IsActive: 1
--- !u!4 &990375165144037677
Transform:
  m_ObjectHideFlags: 0
  m_CorrespondingSourceObject: {fileID: 0}
  m_PrefabInstance: {fileID: 0}
  m_PrefabAsset: {fileID: 0}
  m_GameObject: {fileID: 987199311541151767}
  m_LocalRotation: {x: 0.40641513, y: 0.0015821927, z: 0.017125422, w: 0.9135267}
  m_LocalPosition: {x: -0.00005973552, y: 0.028339628, z: -0.0000001667335}
  m_LocalScale: {x: 1, y: 1, z: 1}
  m_Children:
  - {fileID: 990375167849593239}
  m_Father: {fileID: 990375166396736299}
  m_RootOrder: 0
  m_LocalEulerAnglesHint: {x: 0, y: 0, z: 0}
--- !u!1 &987199311582271747
GameObject:
  m_ObjectHideFlags: 0
  m_CorrespondingSourceObject: {fileID: 0}
  m_PrefabInstance: {fileID: 0}
  m_PrefabAsset: {fileID: 0}
  serializedVersion: 6
  m_Component:
  - component: {fileID: 990375165444193187}
  m_Layer: 0
  m_Name: RightHandThumb4
  m_TagString: Untagged
  m_Icon: {fileID: 0}
  m_NavMeshLayer: 0
  m_StaticEditorFlags: 0
  m_IsActive: 1
--- !u!4 &990375165444193187
Transform:
  m_ObjectHideFlags: 0
  m_CorrespondingSourceObject: {fileID: 0}
  m_PrefabInstance: {fileID: 0}
  m_PrefabAsset: {fileID: 0}
  m_GameObject: {fileID: 987199311582271747}
  m_LocalRotation: {x: -0.00000024057266, y: 0.00000044998671, z: -0.0000001186875, w: 1}
  m_LocalPosition: {x: 0.0027611547, y: 0.028862506, z: -0.00000015924454}
  m_LocalScale: {x: 1, y: 1, z: 1}
  m_Children: []
  m_Father: {fileID: 990375165005596529}
  m_RootOrder: 0
  m_LocalEulerAnglesHint: {x: 0, y: 0, z: 0}
--- !u!1 &987199311669984539
GameObject:
  m_ObjectHideFlags: 0
  m_CorrespondingSourceObject: {fileID: 0}
  m_PrefabInstance: {fileID: 0}
  m_PrefabAsset: {fileID: 0}
  serializedVersion: 6
  m_Component:
  - component: {fileID: 990375168228815937}
  m_Layer: 0
  m_Name: LeftToeBase
  m_TagString: Untagged
  m_Icon: {fileID: 0}
  m_NavMeshLayer: 0
  m_StaticEditorFlags: 0
  m_IsActive: 1
--- !u!4 &990375168228815937
Transform:
  m_ObjectHideFlags: 0
  m_CorrespondingSourceObject: {fileID: 0}
  m_PrefabInstance: {fileID: 0}
  m_PrefabAsset: {fileID: 0}
  m_GameObject: {fileID: 987199311669984539}
  m_LocalRotation: {x: 0.3319634, y: 0.0145118, z: -0.00510768, w: 0.9431668}
  m_LocalPosition: {x: -0.000000002576618, y: 0.17030805, z: 0.000000006945734}
  m_LocalScale: {x: 1, y: 1, z: 1}
  m_Children:
  - {fileID: 990375166010296953}
  m_Father: {fileID: 990375167338509401}
  m_RootOrder: 0
  m_LocalEulerAnglesHint: {x: 0, y: 0, z: 0}
--- !u!1 &987199311675657579
GameObject:
  m_ObjectHideFlags: 0
  m_CorrespondingSourceObject: {fileID: 0}
  m_PrefabInstance: {fileID: 0}
  m_PrefabAsset: {fileID: 0}
  serializedVersion: 6
  m_Component:
  - component: {fileID: 990375167338509401}
  m_Layer: 0
  m_Name: LeftFoot
  m_TagString: Untagged
  m_Icon: {fileID: 0}
  m_NavMeshLayer: 0
  m_StaticEditorFlags: 0
  m_IsActive: 1
--- !u!4 &990375167338509401
Transform:
  m_ObjectHideFlags: 0
  m_CorrespondingSourceObject: {fileID: 0}
  m_PrefabInstance: {fileID: 0}
  m_PrefabAsset: {fileID: 0}
  m_GameObject: {fileID: 987199311675657579}
  m_LocalRotation: {x: 0.43908226, y: 0.029478773, z: -0.02731269, w: 0.89754766}
  m_LocalPosition: {x: 7.677243e-10, y: 0.4415074, z: 0.0000000067771606}
  m_LocalScale: {x: 1, y: 1, z: 1}
  m_Children:
  - {fileID: 990375168228815937}
  m_Father: {fileID: 990375165907188179}
  m_RootOrder: 0
  m_LocalEulerAnglesHint: {x: 0, y: 0, z: 0}
--- !u!1 &987199311690836175
GameObject:
  m_ObjectHideFlags: 0
  m_CorrespondingSourceObject: {fileID: 0}
  m_PrefabInstance: {fileID: 0}
  m_PrefabAsset: {fileID: 0}
  serializedVersion: 6
  m_Component:
  - component: {fileID: 990375166155184347}
  m_Layer: 0
  m_Name: LeftHandMiddle2
  m_TagString: Untagged
  m_Icon: {fileID: 0}
  m_NavMeshLayer: 0
  m_StaticEditorFlags: 0
  m_IsActive: 1
--- !u!4 &990375166155184347
Transform:
  m_ObjectHideFlags: 0
  m_CorrespondingSourceObject: {fileID: 0}
  m_PrefabInstance: {fileID: 0}
  m_PrefabAsset: {fileID: 0}
  m_GameObject: {fileID: 987199311690836175}
  m_LocalRotation: {x: 0.43826735, y: -0.00012026749, z: 0.004788122, w: 0.8988319}
  m_LocalPosition: {x: -0.00012508692, y: 0.03176123, z: -0.00000015345982}
  m_LocalScale: {x: 1, y: 1, z: 1}
  m_Children:
  - {fileID: 990375165197227293}
  m_Father: {fileID: 990375167482613091}
  m_RootOrder: 0
  m_LocalEulerAnglesHint: {x: 0, y: 0, z: 0}
--- !u!1 &987199311711000777
GameObject:
  m_ObjectHideFlags: 0
  m_CorrespondingSourceObject: {fileID: 0}
  m_PrefabInstance: {fileID: 0}
  m_PrefabAsset: {fileID: 0}
  serializedVersion: 6
  m_Component:
  - component: {fileID: 990375167273049187}
  m_Layer: 0
  m_Name: RightHandIndex3
  m_TagString: Untagged
  m_Icon: {fileID: 0}
  m_NavMeshLayer: 0
  m_StaticEditorFlags: 0
  m_IsActive: 1
--- !u!4 &990375167273049187
Transform:
  m_ObjectHideFlags: 0
  m_CorrespondingSourceObject: {fileID: 0}
  m_PrefabInstance: {fileID: 0}
  m_PrefabAsset: {fileID: 0}
  m_GameObject: {fileID: 987199311711000777}
  m_LocalRotation: {x: 0.3316227, y: -0.0010717418, z: 0.0039283102, w: 0.9434033}
  m_LocalPosition: {x: -0.000011345747, y: 0.028256375, z: -0.00000049485044}
  m_LocalScale: {x: 1, y: 1, z: 1}
  m_Children:
  - {fileID: 990375166628454947}
  m_Father: {fileID: 990375166572225405}
  m_RootOrder: 0
  m_LocalEulerAnglesHint: {x: 0, y: 0, z: 0}
--- !u!1 &987199311724634211
GameObject:
  m_ObjectHideFlags: 0
  m_CorrespondingSourceObject: {fileID: 0}
  m_PrefabInstance: {fileID: 0}
  m_PrefabAsset: {fileID: 0}
  serializedVersion: 6
  m_Component:
  - component: {fileID: 990375167251506919}
  m_Layer: 0
  m_Name: RightToeBase
  m_TagString: Untagged
  m_Icon: {fileID: 0}
  m_NavMeshLayer: 0
  m_StaticEditorFlags: 0
  m_IsActive: 1
--- !u!4 &990375167251506919
Transform:
  m_ObjectHideFlags: 0
  m_CorrespondingSourceObject: {fileID: 0}
  m_PrefabInstance: {fileID: 0}
  m_PrefabAsset: {fileID: 0}
  m_GameObject: {fileID: 987199311724634211}
  m_LocalRotation: {x: 0.3361552, y: -0.010879996, z: 0.0038836468, w: 0.94173574}
  m_LocalPosition: {x: -0.0000000010026642, y: 0.16878287, z: -0.00000001400063}
  m_LocalScale: {x: 1, y: 1, z: 1}
  m_Children:
  - {fileID: 990375166347564435}
  m_Father: {fileID: 990375165975785883}
  m_RootOrder: 0
  m_LocalEulerAnglesHint: {x: 0, y: 0, z: 0}
--- !u!1 &987199311816222089
GameObject:
  m_ObjectHideFlags: 0
  m_CorrespondingSourceObject: {fileID: 0}
  m_PrefabInstance: {fileID: 0}
  m_PrefabAsset: {fileID: 0}
  serializedVersion: 6
  m_Component:
  - component: {fileID: 990375166908705929}
  m_Layer: 0
  m_Name: RightHandMiddle1
  m_TagString: Untagged
  m_Icon: {fileID: 0}
  m_NavMeshLayer: 0
  m_StaticEditorFlags: 0
  m_IsActive: 1
--- !u!4 &990375166908705929
Transform:
  m_ObjectHideFlags: 0
  m_CorrespondingSourceObject: {fileID: 0}
  m_PrefabInstance: {fileID: 0}
  m_PrefabAsset: {fileID: 0}
  m_GameObject: {fileID: 987199311816222089}
  m_LocalRotation: {x: 0.39008716, y: -0.25203592, z: -0.15659668, w: 0.87165785}
  m_LocalPosition: {x: -0.012500892, y: 0.10028546, z: -0.003294056}
  m_LocalScale: {x: 1, y: 1, z: 1}
  m_Children:
  - {fileID: 990375164121721285}
  m_Father: {fileID: 990375164389832719}
  m_RootOrder: 1
  m_LocalEulerAnglesHint: {x: 0, y: 0, z: 0}
--- !u!1 &987199311953349311
GameObject:
  m_ObjectHideFlags: 0
  m_CorrespondingSourceObject: {fileID: 0}
  m_PrefabInstance: {fileID: 0}
  m_PrefabAsset: {fileID: 0}
  serializedVersion: 6
  m_Component:
  - component: {fileID: 990375167450424649}
  - component: {fileID: 928079107860964805}
  m_Layer: 0
  m_Name: FPS_Character_prefab
  m_TagString: Untagged
  m_Icon: {fileID: 0}
  m_NavMeshLayer: 0
  m_StaticEditorFlags: 0
  m_IsActive: 1
--- !u!4 &990375167450424649
Transform:
  m_ObjectHideFlags: 0
  m_CorrespondingSourceObject: {fileID: 0}
  m_PrefabInstance: {fileID: 0}
  m_PrefabAsset: {fileID: 0}
  m_GameObject: {fileID: 987199311953349311}
  m_LocalRotation: {x: 0, y: 0, z: 0, w: 1}
  m_LocalPosition: {x: 0, y: 0, z: 0}
  m_LocalScale: {x: 1, y: 1, z: 1}
  m_Children:
  - {fileID: 990375167304434385}
  - {fileID: 990375167131258741}
  m_Father: {fileID: 0}
  m_RootOrder: 0
  m_LocalEulerAnglesHint: {x: 0, y: 0, z: 0}
--- !u!95 &928079107860964805
Animator:
  serializedVersion: 3
  m_ObjectHideFlags: 0
  m_CorrespondingSourceObject: {fileID: 0}
  m_PrefabInstance: {fileID: 0}
  m_PrefabAsset: {fileID: 0}
  m_GameObject: {fileID: 987199311953349311}
  m_Enabled: 1
  m_Avatar: {fileID: 9000000, guid: 6cae2f82a0a62ff4ab9be3eeeda19688, type: 3}
  m_Controller: {fileID: 0}
  m_CullingMode: 1
  m_UpdateMode: 0
  m_ApplyRootMotion: 0
  m_LinearVelocityBlending: 0
  m_WarningMessage: 
  m_HasTransformHierarchy: 1
  m_AllowConstantClipSamplingOptimization: 1
  m_KeepAnimatorControllerStateOnDisable: 0
--- !u!1 &987199312000620305
GameObject:
  m_ObjectHideFlags: 0
  m_CorrespondingSourceObject: {fileID: 0}
  m_PrefabInstance: {fileID: 0}
  m_PrefabAsset: {fileID: 0}
  serializedVersion: 6
  m_Component:
  - component: {fileID: 990375168128920945}
  m_Layer: 0
  m_Name: RightHandIndex1
  m_TagString: Untagged
  m_Icon: {fileID: 0}
  m_NavMeshLayer: 0
  m_StaticEditorFlags: 0
  m_IsActive: 1
--- !u!4 &990375168128920945
Transform:
  m_ObjectHideFlags: 0
  m_CorrespondingSourceObject: {fileID: 0}
  m_PrefabInstance: {fileID: 0}
  m_PrefabAsset: {fileID: 0}
  m_GameObject: {fileID: 987199312000620305}
  m_LocalRotation: {x: 0.080186024, y: 0.21203643, z: 0.16548513, w: 0.9598049}
  m_LocalPosition: {x: -0.039186083, y: 0.09647417, z: -0.0018386767}
  m_LocalScale: {x: 1, y: 1, z: 1}
  m_Children:
  - {fileID: 990375166572225405}
  m_Father: {fileID: 990375164389832719}
  m_RootOrder: 0
  m_LocalEulerAnglesHint: {x: 0, y: 0, z: 0}
--- !u!1 &987199312040937919
GameObject:
  m_ObjectHideFlags: 0
  m_CorrespondingSourceObject: {fileID: 0}
  m_PrefabInstance: {fileID: 0}
  m_PrefabAsset: {fileID: 0}
  serializedVersion: 6
  m_Component:
  - component: {fileID: 990375165968307331}
  m_Layer: 0
  m_Name: LeftShoulder
  m_TagString: Untagged
  m_Icon: {fileID: 0}
  m_NavMeshLayer: 0
  m_StaticEditorFlags: 0
  m_IsActive: 1
--- !u!4 &990375165968307331
Transform:
  m_ObjectHideFlags: 0
  m_CorrespondingSourceObject: {fileID: 0}
  m_PrefabInstance: {fileID: 0}
  m_PrefabAsset: {fileID: 0}
  m_GameObject: {fileID: 987199312040937919}
  m_LocalRotation: {x: 0.67964053, y: -0.21951796, z: 0.43702373, w: 0.5467274}
  m_LocalPosition: {x: -0.075624086, y: 0.11974517, z: -0.004304484}
  m_LocalScale: {x: 1, y: 1, z: 1}
  m_Children:
  - {fileID: 990375164756584193}
  m_Father: {fileID: 990375166802021759}
  m_RootOrder: 0
  m_LocalEulerAnglesHint: {x: 0, y: 0, z: 0}
--- !u!1 &987199312054352281
GameObject:
  m_ObjectHideFlags: 0
  m_CorrespondingSourceObject: {fileID: 0}
  m_PrefabInstance: {fileID: 0}
  m_PrefabAsset: {fileID: 0}
  serializedVersion: 6
  m_Component:
  - component: {fileID: 990375167379976293}
  m_Layer: 0
  m_Name: HeadTop_End
  m_TagString: Untagged
  m_Icon: {fileID: 0}
  m_NavMeshLayer: 0
  m_StaticEditorFlags: 0
  m_IsActive: 1
--- !u!4 &990375167379976293
Transform:
  m_ObjectHideFlags: 0
  m_CorrespondingSourceObject: {fileID: 0}
  m_PrefabInstance: {fileID: 0}
  m_PrefabAsset: {fileID: 0}
  m_GameObject: {fileID: 987199312054352281}
  m_LocalRotation: {x: 2.7755576e-17, y: -0, z: -0, w: 1}
  m_LocalPosition: {x: -0, y: 0.19962478, z: 0.08864065}
  m_LocalScale: {x: 1, y: 1, z: 1}
  m_Children: []
  m_Father: {fileID: 990375168049595775}
  m_RootOrder: 0
  m_LocalEulerAnglesHint: {x: 0, y: 0, z: 0}
--- !u!1 &987199312127949995
GameObject:
  m_ObjectHideFlags: 0
  m_CorrespondingSourceObject: {fileID: 0}
  m_PrefabInstance: {fileID: 0}
  m_PrefabAsset: {fileID: 0}
  serializedVersion: 6
  m_Component:
  - component: {fileID: 990375167849593239}
  m_Layer: 0
  m_Name: LeftHandPinky3
  m_TagString: Untagged
  m_Icon: {fileID: 0}
  m_NavMeshLayer: 0
  m_StaticEditorFlags: 0
  m_IsActive: 1
--- !u!4 &990375167849593239
Transform:
  m_ObjectHideFlags: 0
  m_CorrespondingSourceObject: {fileID: 0}
  m_PrefabInstance: {fileID: 0}
  m_PrefabAsset: {fileID: 0}
  m_GameObject: {fileID: 987199312127949995}
  m_LocalRotation: {x: 0.4064264, y: -0.0012837255, z: 0.026849307, w: 0.91328806}
  m_LocalPosition: {x: -0.00015734058, y: 0.024257302, z: -0.00000002167505}
  m_LocalScale: {x: 1, y: 1, z: 1}
  m_Children:
  - {fileID: 990375164186957953}
  m_Father: {fileID: 990375165144037677}
  m_RootOrder: 0
  m_LocalEulerAnglesHint: {x: 0, y: 0, z: 0}
--- !u!1 &987199312240949379
GameObject:
  m_ObjectHideFlags: 0
  m_CorrespondingSourceObject: {fileID: 0}
  m_PrefabInstance: {fileID: 0}
  m_PrefabAsset: {fileID: 0}
  serializedVersion: 6
  m_Component:
  - component: {fileID: 990375164756584193}
  m_Layer: 0
  m_Name: LeftArm
  m_TagString: Untagged
  m_Icon: {fileID: 0}
  m_NavMeshLayer: 0
  m_StaticEditorFlags: 0
  m_IsActive: 1
--- !u!4 &990375164756584193
Transform:
  m_ObjectHideFlags: 0
  m_CorrespondingSourceObject: {fileID: 0}
  m_PrefabInstance: {fileID: 0}
  m_PrefabAsset: {fileID: 0}
  m_GameObject: {fileID: 987199312240949379}
  m_LocalRotation: {x: 0.5481251, y: 0.24599534, z: -0.083622925, w: 0.79501724}
  m_LocalPosition: {x: 0.00000011889548, y: 0.16852365, z: 0.00000014179518}
  m_LocalScale: {x: 1, y: 1, z: 1}
  m_Children:
  - {fileID: 990375165597485917}
  m_Father: {fileID: 990375165968307331}
  m_RootOrder: 0
  m_LocalEulerAnglesHint: {x: 0, y: 0, z: 0}
--- !u!1 &987199312373538611
GameObject:
  m_ObjectHideFlags: 0
  m_CorrespondingSourceObject: {fileID: 0}
  m_PrefabInstance: {fileID: 0}
  m_PrefabAsset: {fileID: 0}
  serializedVersion: 6
  m_Component:
  - component: {fileID: 990375164942801079}
  m_Layer: 0
  m_Name: Hips
  m_TagString: Untagged
  m_Icon: {fileID: 0}
  m_NavMeshLayer: 0
  m_StaticEditorFlags: 0
  m_IsActive: 1
--- !u!4 &990375164942801079
Transform:
  m_ObjectHideFlags: 0
  m_CorrespondingSourceObject: {fileID: 0}
  m_PrefabInstance: {fileID: 0}
  m_PrefabAsset: {fileID: 0}
  m_GameObject: {fileID: 987199312373538611}
  m_LocalRotation: {x: 0.00000008423008, y: -0.00000013497929, z: -0.0000038087164, w: 1}
  m_LocalPosition: {x: 0.0000012683868, y: 1.026286, z: -0.010081265}
  m_LocalScale: {x: 1, y: 1, z: 1}
  m_Children:
  - {fileID: 990375166343126167}
  - {fileID: 990375165881768299}
  - {fileID: 990375164335324579}
  m_Father: {fileID: 990375167131258741}
  m_RootOrder: 0
  m_LocalEulerAnglesHint: {x: 0, y: 0, z: 0}
--- !u!1 &987199312389896017
GameObject:
  m_ObjectHideFlags: 0
  m_CorrespondingSourceObject: {fileID: 0}
  m_PrefabInstance: {fileID: 0}
  m_PrefabAsset: {fileID: 0}
  serializedVersion: 6
  m_Component:
  - component: {fileID: 990375166496550507}
  m_Layer: 0
  m_Name: RightHandRing2
  m_TagString: Untagged
  m_Icon: {fileID: 0}
  m_NavMeshLayer: 0
  m_StaticEditorFlags: 0
  m_IsActive: 1
--- !u!4 &990375166496550507
Transform:
  m_ObjectHideFlags: 0
  m_CorrespondingSourceObject: {fileID: 0}
  m_PrefabInstance: {fileID: 0}
  m_PrefabAsset: {fileID: 0}
  m_GameObject: {fileID: 987199312389896017}
  m_LocalRotation: {x: 0.22492103, y: -0.000006818617, z: -0.0022436702, w: 0.9743745}
  m_LocalPosition: {x: -0.000019320412, y: 0.028068993, z: -0.00000059665473}
  m_LocalScale: {x: 1, y: 1, z: 1}
  m_Children:
  - {fileID: 990375168311081709}
  m_Father: {fileID: 990375164243075797}
  m_RootOrder: 0
  m_LocalEulerAnglesHint: {x: 0, y: 0, z: 0}
--- !u!1 &987199312527072489
GameObject:
  m_ObjectHideFlags: 0
  m_CorrespondingSourceObject: {fileID: 0}
  m_PrefabInstance: {fileID: 0}
  m_PrefabAsset: {fileID: 0}
  serializedVersion: 6
  m_Component:
  - component: {fileID: 990375166802021759}
  m_Layer: 0
  m_Name: Spine2
  m_TagString: Untagged
  m_Icon: {fileID: 0}
  m_NavMeshLayer: 0
  m_StaticEditorFlags: 0
  m_IsActive: 1
--- !u!4 &990375166802021759
Transform:
  m_ObjectHideFlags: 0
  m_CorrespondingSourceObject: {fileID: 0}
  m_PrefabInstance: {fileID: 0}
  m_PrefabAsset: {fileID: 0}
  m_GameObject: {fileID: 987199312527072489}
  m_LocalRotation: {x: 2.6847343e-37, y: -4.5972592e-20, z: 5.8398583e-18, w: 1}
  m_LocalPosition: {x: 2.9702315e-14, y: 0.12493537, z: 0.000000014790274}
  m_LocalScale: {x: 1, y: 1, z: 1}
  m_Children:
  - {fileID: 990375165968307331}
  - {fileID: 990375164779468305}
  - {fileID: 990375166323783001}
  m_Father: {fileID: 990375165372318559}
  m_RootOrder: 0
  m_LocalEulerAnglesHint: {x: 0, y: 0, z: 0}
--- !u!1 &987199312551100033
GameObject:
  m_ObjectHideFlags: 0
  m_CorrespondingSourceObject: {fileID: 0}
  m_PrefabInstance: {fileID: 0}
  m_PrefabAsset: {fileID: 0}
  serializedVersion: 6
  m_Component:
  - component: {fileID: 990375167204432855}
  m_Layer: 0
  m_Name: LeftHandRing4
  m_TagString: Untagged
  m_Icon: {fileID: 0}
  m_NavMeshLayer: 0
  m_StaticEditorFlags: 0
  m_IsActive: 1
--- !u!4 &990375167204432855
Transform:
  m_ObjectHideFlags: 0
  m_CorrespondingSourceObject: {fileID: 0}
  m_PrefabInstance: {fileID: 0}
  m_PrefabAsset: {fileID: 0}
  m_GameObject: {fileID: 987199312551100033}
  m_LocalRotation: {x: 0.00000018133927, y: -0.000000036219763, z: 0.00000020097806, w: 1}
  m_LocalPosition: {x: -0.000054820277, y: 0.021984793, z: -0.00000015434873}
  m_LocalScale: {x: 1, y: 1, z: 1}
  m_Children: []
  m_Father: {fileID: 990375166378988463}
  m_RootOrder: 0
  m_LocalEulerAnglesHint: {x: 0, y: 0, z: 0}
--- !u!1 &987199312585262697
GameObject:
  m_ObjectHideFlags: 0
  m_CorrespondingSourceObject: {fileID: 0}
  m_PrefabInstance: {fileID: 0}
  m_PrefabAsset: {fileID: 0}
  serializedVersion: 6
  m_Component:
  - component: {fileID: 990375167044848303}
  m_Layer: 0
  m_Name: RightHandMiddle3
  m_TagString: Untagged
  m_Icon: {fileID: 0}
  m_NavMeshLayer: 0
  m_StaticEditorFlags: 0
  m_IsActive: 1
--- !u!4 &990375167044848303
Transform:
  m_ObjectHideFlags: 0
  m_CorrespondingSourceObject: {fileID: 0}
  m_PrefabInstance: {fileID: 0}
  m_PrefabAsset: {fileID: 0}
  m_GameObject: {fileID: 987199312585262697}
  m_LocalRotation: {x: 0.40516955, y: 0.00062729145, z: 0.00062582025, w: 0.9142412}
  m_LocalPosition: {x: -0.00011863062, y: 0.03136315, z: -0.00000020858904}
  m_LocalScale: {x: 1, y: 1, z: 1}
  m_Children:
  - {fileID: 990375165666677725}
  m_Father: {fileID: 990375164121721285}
  m_RootOrder: 0
  m_LocalEulerAnglesHint: {x: 0, y: 0, z: 0}
--- !u!1 &987199312680453609
GameObject:
  m_ObjectHideFlags: 0
  m_CorrespondingSourceObject: {fileID: 0}
  m_PrefabInstance: {fileID: 0}
  m_PrefabAsset: {fileID: 0}
  serializedVersion: 6
  m_Component:
  - component: {fileID: 990375164163120497}
  m_Layer: 0
  m_Name: RightHandRing4
  m_TagString: Untagged
  m_Icon: {fileID: 0}
  m_NavMeshLayer: 0
  m_StaticEditorFlags: 0
  m_IsActive: 1
--- !u!4 &990375164163120497
Transform:
  m_ObjectHideFlags: 0
  m_CorrespondingSourceObject: {fileID: 0}
  m_PrefabInstance: {fileID: 0}
  m_PrefabAsset: {fileID: 0}
  m_GameObject: {fileID: 987199312680453609}
  m_LocalRotation: {x: -0.00000028989447, y: -0.00000017556427, z: 0.00000013197966, w: 1}
  m_LocalPosition: {x: -0.0000023212083, y: 0.021856232, z: -0.00000008848481}
  m_LocalScale: {x: 1, y: 1, z: 1}
  m_Children: []
  m_Father: {fileID: 990375168311081709}
  m_RootOrder: 0
  m_LocalEulerAnglesHint: {x: 0, y: 0, z: 0}
--- !u!1 &987199312898705281
GameObject:
  m_ObjectHideFlags: 0
  m_CorrespondingSourceObject: {fileID: 0}
  m_PrefabInstance: {fileID: 0}
  m_PrefabAsset: {fileID: 0}
  serializedVersion: 6
  m_Component:
  - component: {fileID: 990375165197227293}
  m_Layer: 0
  m_Name: LeftHandMiddle3
  m_TagString: Untagged
  m_Icon: {fileID: 0}
  m_NavMeshLayer: 0
  m_StaticEditorFlags: 0
  m_IsActive: 1
--- !u!4 &990375165197227293
Transform:
  m_ObjectHideFlags: 0
  m_CorrespondingSourceObject: {fileID: 0}
  m_PrefabInstance: {fileID: 0}
  m_PrefabAsset: {fileID: 0}
  m_GameObject: {fileID: 987199312898705281}
  m_LocalRotation: {x: 0.4402373, y: -0.0010950505, z: -0.0016449371, w: 0.8978793}
  m_LocalPosition: {x: 0.0001420066, y: 0.029714474, z: 0.00000012536526}
  m_LocalScale: {x: 1, y: 1, z: 1}
  m_Children:
  - {fileID: 990375164817429815}
  m_Father: {fileID: 990375166155184347}
  m_RootOrder: 0
  m_LocalEulerAnglesHint: {x: 0, y: 0, z: 0}
--- !u!1 &987199312935656265
GameObject:
  m_ObjectHideFlags: 0
  m_CorrespondingSourceObject: {fileID: 0}
  m_PrefabInstance: {fileID: 0}
  m_PrefabAsset: {fileID: 0}
  serializedVersion: 6
  m_Component:
  - component: {fileID: 990375165088021869}
  m_Layer: 0
  m_Name: Magazinejnt
  m_TagString: Untagged
  m_Icon: {fileID: 0}
  m_NavMeshLayer: 0
  m_StaticEditorFlags: 0
  m_IsActive: 1
--- !u!4 &990375165088021869
Transform:
  m_ObjectHideFlags: 0
  m_CorrespondingSourceObject: {fileID: 0}
  m_PrefabInstance: {fileID: 0}
  m_PrefabAsset: {fileID: 0}
  m_GameObject: {fileID: 987199312935656265}
  m_LocalRotation: {x: 0.51216906, y: 0.50686836, z: 0.5383635, w: 0.43695775}
  m_LocalPosition: {x: -0.071377695, y: -0.27009642, z: -0.04442447}
  m_LocalScale: {x: 1, y: 1, z: 1}
  m_Children: []
  m_Father: {fileID: 990375167126792379}
  m_RootOrder: 0
  m_LocalEulerAnglesHint: {x: 0, y: 0, z: 0}
--- !u!1 &987199312938222987
GameObject:
  m_ObjectHideFlags: 0
  m_CorrespondingSourceObject: {fileID: 0}
  m_PrefabInstance: {fileID: 0}
  m_PrefabAsset: {fileID: 0}
  serializedVersion: 6
  m_Component:
  - component: {fileID: 990375167506220223}
  m_Layer: 0
  m_Name: RightHandPinky1
  m_TagString: Untagged
  m_Icon: {fileID: 0}
  m_NavMeshLayer: 0
  m_StaticEditorFlags: 0
  m_IsActive: 1
--- !u!4 &990375167506220223
Transform:
  m_ObjectHideFlags: 0
  m_CorrespondingSourceObject: {fileID: 0}
  m_PrefabInstance: {fileID: 0}
  m_PrefabAsset: {fileID: 0}
  m_GameObject: {fileID: 987199312938222987}
  m_LocalRotation: {x: 0.6477489, y: -0.38756248, z: -0.012723309, w: 0.6557857}
  m_LocalPosition: {x: 0.037086792, y: 0.092264056, z: -0.0013165651}
  m_LocalScale: {x: 1, y: 1, z: 1}
  m_Children:
  - {fileID: 990375166602634837}
  m_Father: {fileID: 990375164389832719}
  m_RootOrder: 2
  m_LocalEulerAnglesHint: {x: 0, y: 0, z: 0}
--- !u!1 &987199312941764717
GameObject:
  m_ObjectHideFlags: 0
  m_CorrespondingSourceObject: {fileID: 0}
  m_PrefabInstance: {fileID: 0}
  m_PrefabAsset: {fileID: 0}
  serializedVersion: 6
  m_Component:
  - component: {fileID: 990375166628454947}
  m_Layer: 0
  m_Name: RightHandIndex4
  m_TagString: Untagged
  m_Icon: {fileID: 0}
  m_NavMeshLayer: 0
  m_StaticEditorFlags: 0
  m_IsActive: 1
--- !u!4 &990375166628454947
Transform:
  m_ObjectHideFlags: 0
  m_CorrespondingSourceObject: {fileID: 0}
  m_PrefabInstance: {fileID: 0}
  m_PrefabAsset: {fileID: 0}
  m_GameObject: {fileID: 987199312941764717}
  m_LocalRotation: {x: 0.00000023227489, y: 0.0000012527563, z: 0.00000010081378, w: 1}
  m_LocalPosition: {x: 0.0001270649, y: 0.02216295, z: -0.00000044459472}
  m_LocalScale: {x: 1, y: 1, z: 1}
  m_Children: []
  m_Father: {fileID: 990375167273049187}
  m_RootOrder: 0
  m_LocalEulerAnglesHint: {x: 0, y: 0, z: 0}
--- !u!1 &987199313026181741
GameObject:
  m_ObjectHideFlags: 0
  m_CorrespondingSourceObject: {fileID: 0}
  m_PrefabInstance: {fileID: 0}
  m_PrefabAsset: {fileID: 0}
  serializedVersion: 6
  m_Component:
  - component: {fileID: 990375164431286691}
  m_Layer: 0
  m_Name: LeftHand
  m_TagString: Untagged
  m_Icon: {fileID: 0}
  m_NavMeshLayer: 0
  m_StaticEditorFlags: 0
  m_IsActive: 1
--- !u!4 &990375164431286691
Transform:
  m_ObjectHideFlags: 0
  m_CorrespondingSourceObject: {fileID: 0}
  m_PrefabInstance: {fileID: 0}
  m_PrefabAsset: {fileID: 0}
  m_GameObject: {fileID: 987199313026181741}
  m_LocalRotation: {x: 0.15033652, y: 0.5459874, z: 0.16790311, w: 0.806911}
  m_LocalPosition: {x: 0.00000076561867, y: 0.23325998, z: -0.000002223238}
  m_LocalScale: {x: 1, y: 1, z: 1}
  m_Children:
  - {fileID: 990375166990122311}
  - {fileID: 990375167482613091}
  - {fileID: 990375166396736299}
  - {fileID: 990375166220947097}
  - {fileID: 990375167646664401}
  m_Father: {fileID: 990375165597485917}
  m_RootOrder: 0
  m_LocalEulerAnglesHint: {x: 0, y: 0, z: 0}
--- !u!1 &987199313105473119
GameObject:
  m_ObjectHideFlags: 0
  m_CorrespondingSourceObject: {fileID: 0}
  m_PrefabInstance: {fileID: 0}
  m_PrefabAsset: {fileID: 0}
  serializedVersion: 6
  m_Component:
  - component: {fileID: 990375167143662779}
  m_Layer: 0
  m_Name: LeftHandIndex2
  m_TagString: Untagged
  m_Icon: {fileID: 0}
  m_NavMeshLayer: 0
  m_StaticEditorFlags: 0
  m_IsActive: 1
--- !u!4 &990375167143662779
Transform:
  m_ObjectHideFlags: 0
  m_CorrespondingSourceObject: {fileID: 0}
  m_PrefabInstance: {fileID: 0}
  m_PrefabAsset: {fileID: 0}
  m_GameObject: {fileID: 987199313105473119}
  m_LocalRotation: {x: 0.30198222, y: 0.00003490648, z: -0.005920767, w: 0.9532952}
  m_LocalPosition: {x: 0.00008665954, y: 0.029098306, z: -0.0000000063541443}
  m_LocalScale: {x: 1, y: 1, z: 1}
  m_Children:
  - {fileID: 990375165887972791}
  m_Father: {fileID: 990375166990122311}
  m_RootOrder: 0
  m_LocalEulerAnglesHint: {x: 0, y: 0, z: 0}
--- !u!1 &987199313179581493
GameObject:
  m_ObjectHideFlags: 0
  m_CorrespondingSourceObject: {fileID: 0}
  m_PrefabInstance: {fileID: 0}
  m_PrefabAsset: {fileID: 0}
  serializedVersion: 6
  m_Component:
  - component: {fileID: 990375166396736299}
  m_Layer: 0
  m_Name: LeftHandPinky1
  m_TagString: Untagged
  m_Icon: {fileID: 0}
  m_NavMeshLayer: 0
  m_StaticEditorFlags: 0
  m_IsActive: 1
--- !u!4 &990375166396736299
Transform:
  m_ObjectHideFlags: 0
  m_CorrespondingSourceObject: {fileID: 0}
  m_PrefabInstance: {fileID: 0}
  m_PrefabAsset: {fileID: 0}
  m_GameObject: {fileID: 987199313179581493}
  m_LocalRotation: {x: 0.39240927, y: 0.1962361, z: -0.056261677, w: 0.89685065}
  m_LocalPosition: {x: -0.03716981, y: 0.09021576, z: -0.0015485646}
  m_LocalScale: {x: 1, y: 1, z: 1}
  m_Children:
  - {fileID: 990375165144037677}
  m_Father: {fileID: 990375164431286691}
  m_RootOrder: 2
  m_LocalEulerAnglesHint: {x: 0, y: 0, z: 0}
--- !u!1 &987199313250635149
GameObject:
  m_ObjectHideFlags: 0
  m_CorrespondingSourceObject: {fileID: 0}
  m_PrefabInstance: {fileID: 0}
  m_PrefabAsset: {fileID: 0}
  serializedVersion: 6
  m_Component:
  - component: {fileID: 990375165990546567}
  m_Layer: 0
  m_Name: RightHandThumb2
  m_TagString: Untagged
  m_Icon: {fileID: 0}
  m_NavMeshLayer: 0
  m_StaticEditorFlags: 0
  m_IsActive: 1
--- !u!4 &990375165990546567
Transform:
  m_ObjectHideFlags: 0
  m_CorrespondingSourceObject: {fileID: 0}
  m_PrefabInstance: {fileID: 0}
  m_PrefabAsset: {fileID: 0}
  m_GameObject: {fileID: 987199313250635149}
  m_LocalRotation: {x: 0.0018242425, y: -0.0030443019, z: -0.1586681, w: 0.9873256}
  m_LocalPosition: {x: -0.0032867985, y: 0.031809986, z: -0.0000006612822}
  m_LocalScale: {x: 1, y: 1, z: 1}
  m_Children:
  - {fileID: 990375165005596529}
  m_Father: {fileID: 990375165601356007}
  m_RootOrder: 0
  m_LocalEulerAnglesHint: {x: 0, y: 0, z: 0}
--- !u!1 &987199313481140825
GameObject:
  m_ObjectHideFlags: 0
  m_CorrespondingSourceObject: {fileID: 0}
  m_PrefabInstance: {fileID: 0}
  m_PrefabAsset: {fileID: 0}
  serializedVersion: 6
  m_Component:
  - component: {fileID: 990375166990122311}
  m_Layer: 0
  m_Name: LeftHandIndex1
  m_TagString: Untagged
  m_Icon: {fileID: 0}
  m_NavMeshLayer: 0
  m_StaticEditorFlags: 0
  m_IsActive: 1
--- !u!4 &990375166990122311
Transform:
  m_ObjectHideFlags: 0
  m_CorrespondingSourceObject: {fileID: 0}
  m_PrefabInstance: {fileID: 0}
  m_PrefabAsset: {fileID: 0}
  m_GameObject: {fileID: 987199313481140825}
  m_LocalRotation: {x: -0.08916072, y: 0.00020403689, z: -0.056760885, w: 0.9943986}
  m_LocalPosition: {x: 0.03959915, y: 0.09965929, z: -0.0017564347}
  m_LocalScale: {x: 1, y: 1, z: 1}
  m_Children:
  - {fileID: 990375167143662779}
  m_Father: {fileID: 990375164431286691}
  m_RootOrder: 0
  m_LocalEulerAnglesHint: {x: 0, y: 0, z: 0}
--- !u!1 &987199313580113551
GameObject:
  m_ObjectHideFlags: 0
  m_CorrespondingSourceObject: {fileID: 0}
  m_PrefabInstance: {fileID: 0}
  m_PrefabAsset: {fileID: 0}
  serializedVersion: 6
  m_Component:
  - component: {fileID: 990375164493919141}
  m_Layer: 0
  m_Name: LeftHandThumb3
  m_TagString: Untagged
  m_Icon: {fileID: 0}
  m_NavMeshLayer: 0
  m_StaticEditorFlags: 0
  m_IsActive: 1
--- !u!4 &990375164493919141
Transform:
  m_ObjectHideFlags: 0
  m_CorrespondingSourceObject: {fileID: 0}
  m_PrefabInstance: {fileID: 0}
  m_PrefabAsset: {fileID: 0}
  m_GameObject: {fileID: 987199313580113551}
  m_LocalRotation: {x: -0.00061524584, y: 0.0080739865, z: -0.10338641, w: 0.99460834}
  m_LocalPosition: {x: 0.0008983254, y: 0.03256566, z: -0.000000122632}
  m_LocalScale: {x: 1, y: 1, z: 1}
  m_Children:
  - {fileID: 990375166700612783}
  m_Father: {fileID: 990375167921245917}
  m_RootOrder: 0
  m_LocalEulerAnglesHint: {x: 0, y: 0, z: 0}
--- !u!1 &987199313630289263
GameObject:
  m_ObjectHideFlags: 0
  m_CorrespondingSourceObject: {fileID: 0}
  m_PrefabInstance: {fileID: 0}
  m_PrefabAsset: {fileID: 0}
  serializedVersion: 6
  m_Component:
  - component: {fileID: 990375165887972791}
  m_Layer: 0
  m_Name: LeftHandIndex3
  m_TagString: Untagged
  m_Icon: {fileID: 0}
  m_NavMeshLayer: 0
  m_StaticEditorFlags: 0
  m_IsActive: 1
--- !u!4 &990375165887972791
Transform:
  m_ObjectHideFlags: 0
  m_CorrespondingSourceObject: {fileID: 0}
  m_PrefabInstance: {fileID: 0}
  m_PrefabAsset: {fileID: 0}
  m_GameObject: {fileID: 987199313630289263}
  m_LocalRotation: {x: 0.30473116, y: 0.00047493167, z: -0.0015765297, w: 0.95243704}
  m_LocalPosition: {x: -0.00008365314, y: 0.026217975, z: -0.00000046877295}
  m_LocalScale: {x: 1, y: 1, z: 1}
  m_Children:
  - {fileID: 990375168033539351}
  m_Father: {fileID: 990375167143662779}
  m_RootOrder: 0
  m_LocalEulerAnglesHint: {x: 0, y: 0, z: 0}
--- !u!1 &987199313646995011
GameObject:
  m_ObjectHideFlags: 0
  m_CorrespondingSourceObject: {fileID: 0}
  m_PrefabInstance: {fileID: 0}
  m_PrefabAsset: {fileID: 0}
  serializedVersion: 6
  m_Component:
  - component: {fileID: 990375167131258741}
  m_Layer: 0
  m_Name: MainCharacterSkillet
  m_TagString: Untagged
  m_Icon: {fileID: 0}
  m_NavMeshLayer: 0
  m_StaticEditorFlags: 0
  m_IsActive: 1
--- !u!4 &990375167131258741
Transform:
  m_ObjectHideFlags: 0
  m_CorrespondingSourceObject: {fileID: 0}
  m_PrefabInstance: {fileID: 0}
  m_PrefabAsset: {fileID: 0}
  m_GameObject: {fileID: 987199313646995011}
  m_LocalRotation: {x: 0, y: -0, z: -0, w: 1}
  m_LocalPosition: {x: -0, y: 0, z: 0}
  m_LocalScale: {x: 1, y: 1, z: 1}
  m_Children:
  - {fileID: 990375164942801079}
  m_Father: {fileID: 990375167450424649}
  m_RootOrder: 1
  m_LocalEulerAnglesHint: {x: 0, y: 0, z: 0}
--- !u!1 &987199313667557611
GameObject:
  m_ObjectHideFlags: 0
  m_CorrespondingSourceObject: {fileID: 0}
  m_PrefabInstance: {fileID: 0}
  m_PrefabAsset: {fileID: 0}
  serializedVersion: 6
  m_Component:
  - component: {fileID: 990375165372318559}
  m_Layer: 0
  m_Name: Spine1
  m_TagString: Untagged
  m_Icon: {fileID: 0}
  m_NavMeshLayer: 0
  m_StaticEditorFlags: 0
  m_IsActive: 1
--- !u!4 &990375165372318559
Transform:
  m_ObjectHideFlags: 0
  m_CorrespondingSourceObject: {fileID: 0}
  m_PrefabInstance: {fileID: 0}
  m_PrefabAsset: {fileID: 0}
  m_GameObject: {fileID: 987199313667557611}
  m_LocalRotation: {x: 1.637156e-18, y: -1.7871178e-13, z: 6.5967907e-13, w: 1}
  m_LocalPosition: {x: -1.0004948e-13, y: 0.10931847, z: 2.8612984e-10}
  m_LocalScale: {x: 1, y: 1, z: 1}
  m_Children:
  - {fileID: 990375166802021759}
  m_Father: {fileID: 990375164335324579}
  m_RootOrder: 0
  m_LocalEulerAnglesHint: {x: 0, y: 0, z: 0}
--- !u!1 &987199313670056569
GameObject:
  m_ObjectHideFlags: 0
  m_CorrespondingSourceObject: {fileID: 0}
  m_PrefabInstance: {fileID: 0}
  m_PrefabAsset: {fileID: 0}
  serializedVersion: 6
  m_Component:
  - component: {fileID: 990375166347564435}
  m_Layer: 0
  m_Name: RightToe_End
  m_TagString: Untagged
  m_Icon: {fileID: 0}
  m_NavMeshLayer: 0
  m_StaticEditorFlags: 0
  m_IsActive: 1
--- !u!4 &990375166347564435
Transform:
  m_ObjectHideFlags: 0
  m_CorrespondingSourceObject: {fileID: 0}
  m_PrefabInstance: {fileID: 0}
  m_PrefabAsset: {fileID: 0}
  m_GameObject: {fileID: 987199313670056569}
  m_LocalRotation: {x: 0, y: -0, z: -0, w: 1}
  m_LocalPosition: {x: -5.8949096e-11, y: 0.072200306, z: 1.1353462e-10}
  m_LocalScale: {x: 1, y: 1, z: 1}
  m_Children: []
  m_Father: {fileID: 990375167251506919}
  m_RootOrder: 0
  m_LocalEulerAnglesHint: {x: 0, y: 0, z: 0}
--- !u!1 &987199313678805381
GameObject:
  m_ObjectHideFlags: 0
  m_CorrespondingSourceObject: {fileID: 0}
  m_PrefabInstance: {fileID: 0}
  m_PrefabAsset: {fileID: 0}
  serializedVersion: 6
  m_Component:
  - component: {fileID: 990375167921245917}
  m_Layer: 0
  m_Name: LeftHandThumb2
  m_TagString: Untagged
  m_Icon: {fileID: 0}
  m_NavMeshLayer: 0
  m_StaticEditorFlags: 0
  m_IsActive: 1
--- !u!4 &990375167921245917
Transform:
  m_ObjectHideFlags: 0
  m_CorrespondingSourceObject: {fileID: 0}
  m_PrefabInstance: {fileID: 0}
  m_PrefabAsset: {fileID: 0}
  m_GameObject: {fileID: 987199313678805381}
  m_LocalRotation: {x: 0.00046199927, y: 0.0061899996, z: -0.046988722, w: 0.99887615}
  m_LocalPosition: {x: 0.0039647645, y: 0.03243291, z: -0.00000016957434}
  m_LocalScale: {x: 1, y: 1, z: 1}
  m_Children:
  - {fileID: 990375164493919141}
  m_Father: {fileID: 990375167646664401}
  m_RootOrder: 0
  m_LocalEulerAnglesHint: {x: 0, y: 0, z: 0}
--- !u!1 &987199313838946749
GameObject:
  m_ObjectHideFlags: 0
  m_CorrespondingSourceObject: {fileID: 0}
  m_PrefabInstance: {fileID: 0}
  m_PrefabAsset: {fileID: 0}
  serializedVersion: 6
  m_Component:
  - component: {fileID: 990375165285090267}
  m_Layer: 0
  m_Name: RightHandPinky4
  m_TagString: Untagged
  m_Icon: {fileID: 0}
  m_NavMeshLayer: 0
  m_StaticEditorFlags: 0
  m_IsActive: 1
--- !u!4 &990375165285090267
Transform:
  m_ObjectHideFlags: 0
  m_CorrespondingSourceObject: {fileID: 0}
  m_PrefabInstance: {fileID: 0}
  m_PrefabAsset: {fileID: 0}
  m_GameObject: {fileID: 987199313838946749}
  m_LocalRotation: {x: 0.0000006853555, y: 0.000000092840345, z: -0.00000004094356, w: 1}
  m_LocalPosition: {x: -0.000347888, y: 0.017504172, z: 0.00000023003223}
  m_LocalScale: {x: 1, y: 1, z: 1}
  m_Children: []
  m_Father: {fileID: 990375166098217203}
  m_RootOrder: 0
  m_LocalEulerAnglesHint: {x: 0, y: 0, z: 0}
--- !u!1 &987199313870181059
GameObject:
  m_ObjectHideFlags: 0
  m_CorrespondingSourceObject: {fileID: 0}
  m_PrefabInstance: {fileID: 0}
  m_PrefabAsset: {fileID: 0}
  serializedVersion: 6
  m_Component:
  - component: {fileID: 990375166323783001}
  m_Layer: 0
  m_Name: RightShoulder
  m_TagString: Untagged
  m_Icon: {fileID: 0}
  m_NavMeshLayer: 0
  m_StaticEditorFlags: 0
  m_IsActive: 1
--- !u!4 &990375166323783001
Transform:
  m_ObjectHideFlags: 0
  m_CorrespondingSourceObject: {fileID: 0}
  m_PrefabInstance: {fileID: 0}
  m_PrefabAsset: {fileID: 0}
  m_GameObject: {fileID: 987199313870181059}
  m_LocalRotation: {x: -0.54027426, y: -0.4479175, z: 0.56918097, w: -0.42837676}
  m_LocalPosition: {x: 0.075624086, y: 0.11972932, z: -0.00422709}
  m_LocalScale: {x: 1, y: 1, z: 1}
  m_Children:
  - {fileID: 990375167497531197}
  m_Father: {fileID: 990375166802021759}
  m_RootOrder: 2
  m_LocalEulerAnglesHint: {x: 0, y: 0, z: 0}
--- !u!1 &987199313917801969
GameObject:
  m_ObjectHideFlags: 0
  m_CorrespondingSourceObject: {fileID: 0}
  m_PrefabInstance: {fileID: 0}
  m_PrefabAsset: {fileID: 0}
  serializedVersion: 6
  m_Component:
  - component: {fileID: 990375164389832719}
  m_Layer: 0
  m_Name: RightHand
  m_TagString: Untagged
  m_Icon: {fileID: 0}
  m_NavMeshLayer: 0
  m_StaticEditorFlags: 0
  m_IsActive: 1
--- !u!4 &990375164389832719
Transform:
  m_ObjectHideFlags: 0
  m_CorrespondingSourceObject: {fileID: 0}
  m_PrefabInstance: {fileID: 0}
  m_PrefabAsset: {fileID: 0}
  m_GameObject: {fileID: 987199313917801969}
  m_LocalRotation: {x: -0.38293946, y: 0.09748391, z: -0.23430048, w: 0.8882328}
  m_LocalPosition: {x: -0.0000043565865, y: 0.2332606, z: -0.000010453061}
  m_LocalScale: {x: 1, y: 1, z: 1}
  m_Children:
  - {fileID: 990375168128920945}
  - {fileID: 990375166908705929}
  - {fileID: 990375167506220223}
  - {fileID: 990375164243075797}
  - {fileID: 990375165601356007}
  - {fileID: 990375167126792379}
  m_Father: {fileID: 990375165548837633}
  m_RootOrder: 0
  m_LocalEulerAnglesHint: {x: 0, y: 0, z: 0}
--- !u!1 &987199313970333271
GameObject:
  m_ObjectHideFlags: 0
  m_CorrespondingSourceObject: {fileID: 0}
  m_PrefabInstance: {fileID: 0}
  m_PrefabAsset: {fileID: 0}
  serializedVersion: 6
  m_Component:
  - component: {fileID: 990375165666677725}
  m_Layer: 0
  m_Name: RightHandMiddle4
  m_TagString: Untagged
  m_Icon: {fileID: 0}
  m_NavMeshLayer: 0
  m_StaticEditorFlags: 0
  m_IsActive: 1
--- !u!4 &990375165666677725
Transform:
  m_ObjectHideFlags: 0
  m_CorrespondingSourceObject: {fileID: 0}
  m_PrefabInstance: {fileID: 0}
  m_PrefabAsset: {fileID: 0}
  m_GameObject: {fileID: 987199313970333271}
  m_LocalRotation: {x: -0.0000002283932, y: 0.000000049076355, z: -0.00000027338172, w: 1}
  m_LocalPosition: {x: 0.000033690925, y: 0.023842216, z: -0.00000016848804}
  m_LocalScale: {x: 1, y: 1, z: 1}
  m_Children: []
  m_Father: {fileID: 990375167044848303}
  m_RootOrder: 0
  m_LocalEulerAnglesHint: {x: 0, y: 0, z: 0}
--- !u!1 &987199314028702185
GameObject:
  m_ObjectHideFlags: 0
  m_CorrespondingSourceObject: {fileID: 0}
  m_PrefabInstance: {fileID: 0}
  m_PrefabAsset: {fileID: 0}
  serializedVersion: 6
  m_Component:
  - component: {fileID: 990375167646664401}
  m_Layer: 0
  m_Name: LeftHandThumb1
  m_TagString: Untagged
  m_Icon: {fileID: 0}
  m_NavMeshLayer: 0
  m_StaticEditorFlags: 0
  m_IsActive: 1
--- !u!4 &990375167646664401
Transform:
  m_ObjectHideFlags: 0
  m_CorrespondingSourceObject: {fileID: 0}
  m_PrefabInstance: {fileID: 0}
  m_PrefabAsset: {fileID: 0}
  m_GameObject: {fileID: 987199314028702185}
  m_LocalRotation: {x: 0.19325103, y: -0.088773936, z: -0.24880798, w: 0.94491684}
  m_LocalPosition: {x: 0.028164528, y: 0.027377252, z: 0.0111988075}
  m_LocalScale: {x: 1, y: 1, z: 1}
  m_Children:
  - {fileID: 990375167921245917}
  m_Father: {fileID: 990375164431286691}
  m_RootOrder: 4
  m_LocalEulerAnglesHint: {x: 0, y: 0, z: 0}
--- !u!1 &987199314048007679
GameObject:
  m_ObjectHideFlags: 0
  m_CorrespondingSourceObject: {fileID: 0}
  m_PrefabInstance: {fileID: 0}
  m_PrefabAsset: {fileID: 0}
  serializedVersion: 6
  m_Component:
  - component: {fileID: 990375167497531197}
  m_Layer: 0
  m_Name: RightArm
  m_TagString: Untagged
  m_Icon: {fileID: 0}
  m_NavMeshLayer: 0
  m_StaticEditorFlags: 0
  m_IsActive: 1
--- !u!4 &990375167497531197
Transform:
  m_ObjectHideFlags: 0
  m_CorrespondingSourceObject: {fileID: 0}
  m_PrefabInstance: {fileID: 0}
  m_PrefabAsset: {fileID: 0}
  m_GameObject: {fileID: 987199314048007679}
  m_LocalRotation: {x: 0.65362996, y: 0.2310866, z: 0.20513217, w: 0.6908601}
  m_LocalPosition: {x: 0.000000009307289, y: 0.16852373, z: 0.00000008364587}
  m_LocalScale: {x: 1, y: 1, z: 1}
  m_Children:
  - {fileID: 990375165548837633}
  m_Father: {fileID: 990375166323783001}
  m_RootOrder: 0
  m_LocalEulerAnglesHint: {x: 0, y: 0, z: 0}
--- !u!1 &987199314183344959
GameObject:
  m_ObjectHideFlags: 0
  m_CorrespondingSourceObject: {fileID: 0}
  m_PrefabInstance: {fileID: 0}
  m_PrefabAsset: {fileID: 0}
  serializedVersion: 6
  m_Component:
  - component: {fileID: 990375166572225405}
  m_Layer: 0
  m_Name: RightHandIndex2
  m_TagString: Untagged
  m_Icon: {fileID: 0}
  m_NavMeshLayer: 0
  m_StaticEditorFlags: 0
  m_IsActive: 1
--- !u!4 &990375166572225405
Transform:
  m_ObjectHideFlags: 0
  m_CorrespondingSourceObject: {fileID: 0}
  m_PrefabInstance: {fileID: 0}
  m_PrefabAsset: {fileID: 0}
  m_GameObject: {fileID: 987199314183344959}
  m_LocalRotation: {x: 0.33995557, y: 0.0008129741, z: 0.002753412, w: 0.94043714}
  m_LocalPosition: {x: -0.00011587827, y: 0.02971329, z: -0.00000048594404}
  m_LocalScale: {x: 1, y: 1, z: 1}
  m_Children:
  - {fileID: 990375167273049187}
  m_Father: {fileID: 990375168128920945}
  m_RootOrder: 0
  m_LocalEulerAnglesHint: {x: 0, y: 0, z: 0}
--- !u!1 &987199314260340847
GameObject:
  m_ObjectHideFlags: 0
  m_CorrespondingSourceObject: {fileID: 0}
  m_PrefabInstance: {fileID: 0}
  m_PrefabAsset: {fileID: 0}
  serializedVersion: 6
  m_Component:
  - component: {fileID: 990375164121721285}
  m_Layer: 0
  m_Name: RightHandMiddle2
  m_TagString: Untagged
  m_Icon: {fileID: 0}
  m_NavMeshLayer: 0
  m_StaticEditorFlags: 0
  m_IsActive: 1
--- !u!4 &990375164121721285
Transform:
  m_ObjectHideFlags: 0
  m_CorrespondingSourceObject: {fileID: 0}
  m_PrefabInstance: {fileID: 0}
  m_PrefabAsset: {fileID: 0}
  m_GameObject: {fileID: 987199314260340847}
  m_LocalRotation: {x: 0.40516904, y: 0.0001240498, z: -0.0047606225, w: 0.9142294}
  m_LocalPosition: {x: 0.00008378444, y: 0.030413628, z: -0.00000060452135}
  m_LocalScale: {x: 1, y: 1, z: 1}
  m_Children:
  - {fileID: 990375167044848303}
  m_Father: {fileID: 990375166908705929}
  m_RootOrder: 0
  m_LocalEulerAnglesHint: {x: 0, y: 0, z: 0}
--- !u!1 &987199314495365537
GameObject:
  m_ObjectHideFlags: 0
  m_CorrespondingSourceObject: {fileID: 0}
  m_PrefabInstance: {fileID: 0}
  m_PrefabAsset: {fileID: 0}
  serializedVersion: 6
  m_Component:
  - component: {fileID: 990375165975785883}
  m_Layer: 0
  m_Name: RightFoot
  m_TagString: Untagged
  m_Icon: {fileID: 0}
  m_NavMeshLayer: 0
  m_StaticEditorFlags: 0
  m_IsActive: 1
--- !u!4 &990375165975785883
Transform:
  m_ObjectHideFlags: 0
  m_CorrespondingSourceObject: {fileID: 0}
  m_PrefabInstance: {fileID: 0}
  m_PrefabAsset: {fileID: 0}
  m_GameObject: {fileID: 987199314495365537}
  m_LocalRotation: {x: 0.43622413, y: -0.030274047, z: 0.027365921, w: 0.8989122}
  m_LocalPosition: {x: 5.328845e-10, y: 0.44141647, z: -0.000000005698317}
  m_LocalScale: {x: 1, y: 1, z: 1}
  m_Children:
  - {fileID: 990375167251506919}
  m_Father: {fileID: 990375167525398911}
  m_RootOrder: 0
  m_LocalEulerAnglesHint: {x: 0, y: 0, z: 0}
--- !u!1 &987199314532632423
GameObject:
  m_ObjectHideFlags: 0
  m_CorrespondingSourceObject: {fileID: 0}
  m_PrefabInstance: {fileID: 0}
  m_PrefabAsset: {fileID: 0}
  serializedVersion: 6
  m_Component:
  - component: {fileID: 990375166700612783}
  m_Layer: 0
  m_Name: LeftHandThumb4
  m_TagString: Untagged
  m_Icon: {fileID: 0}
  m_NavMeshLayer: 0
  m_StaticEditorFlags: 0
  m_IsActive: 1
--- !u!4 &990375166700612783
Transform:
  m_ObjectHideFlags: 0
  m_CorrespondingSourceObject: {fileID: 0}
  m_PrefabInstance: {fileID: 0}
  m_PrefabAsset: {fileID: 0}
  m_GameObject: {fileID: 987199314532632423}
  m_LocalRotation: {x: -0.0000007354002, y: -0.00000058400366, z: 0.000000033444067, w: 1}
  m_LocalPosition: {x: -0.0048626126, y: 0.026787927, z: 0.00000021950311}
  m_LocalScale: {x: 1, y: 1, z: 1}
  m_Children: []
  m_Father: {fileID: 990375164493919141}
  m_RootOrder: 0
  m_LocalEulerAnglesHint: {x: 0, y: 0, z: 0}
--- !u!1 &987199314599974687
GameObject:
  m_ObjectHideFlags: 0
  m_CorrespondingSourceObject: {fileID: 0}
  m_PrefabInstance: {fileID: 0}
  m_PrefabAsset: {fileID: 0}
  serializedVersion: 6
  m_Component:
  - component: {fileID: 990375167525398911}
  m_Layer: 0
  m_Name: RightLeg
  m_TagString: Untagged
  m_Icon: {fileID: 0}
  m_NavMeshLayer: 0
  m_StaticEditorFlags: 0
  m_IsActive: 1
--- !u!4 &990375167525398911
Transform:
  m_ObjectHideFlags: 0
  m_CorrespondingSourceObject: {fileID: 0}
  m_PrefabInstance: {fileID: 0}
  m_PrefabAsset: {fileID: 0}
  m_GameObject: {fileID: 987199314599974687}
  m_LocalRotation: {x: -0.016528679, y: -0.000014932383, z: -0.020387083, w: 0.99965554}
  m_LocalPosition: {x: -0.0000000011635856, y: 0.40636832, z: -2.7065994e-10}
  m_LocalScale: {x: 1, y: 1, z: 1}
  m_Children:
  - {fileID: 990375165975785883}
  m_Father: {fileID: 990375165881768299}
  m_RootOrder: 0
  m_LocalEulerAnglesHint: {x: 0, y: 0, z: 0}
--- !u!1 &987199314702911599
GameObject:
  m_ObjectHideFlags: 0
  m_CorrespondingSourceObject: {fileID: 0}
  m_PrefabInstance: {fileID: 0}
  m_PrefabAsset: {fileID: 0}
  serializedVersion: 6
  m_Component:
  - component: {fileID: 990375165601356007}
  m_Layer: 0
  m_Name: RightHandThumb1
  m_TagString: Untagged
  m_Icon: {fileID: 0}
  m_NavMeshLayer: 0
  m_StaticEditorFlags: 0
  m_IsActive: 1
--- !u!4 &990375165601356007
Transform:
  m_ObjectHideFlags: 0
  m_CorrespondingSourceObject: {fileID: 0}
  m_PrefabInstance: {fileID: 0}
  m_PrefabAsset: {fileID: 0}
  m_GameObject: {fileID: 987199314702911599}
  m_LocalRotation: {x: 0.3539166, y: 0.09668976, z: 0.36990222, w: 0.85356104}
  m_LocalPosition: {x: -0.027821038, y: 0.026167389, z: 0.011798409}
  m_LocalScale: {x: 1, y: 1, z: 1}
  m_Children:
  - {fileID: 990375165990546567}
  m_Father: {fileID: 990375164389832719}
  m_RootOrder: 4
  m_LocalEulerAnglesHint: {x: 0, y: 0, z: 0}
--- !u!1 &987199314706133233
GameObject:
  m_ObjectHideFlags: 0
  m_CorrespondingSourceObject: {fileID: 0}
  m_PrefabInstance: {fileID: 0}
  m_PrefabAsset: {fileID: 0}
  serializedVersion: 6
  m_Component:
  - component: {fileID: 990375165597485917}
  m_Layer: 0
  m_Name: LeftForeArm
  m_TagString: Untagged
  m_Icon: {fileID: 0}
  m_NavMeshLayer: 0
  m_StaticEditorFlags: 0
  m_IsActive: 1
--- !u!4 &990375165597485917
Transform:
  m_ObjectHideFlags: 0
  m_CorrespondingSourceObject: {fileID: 0}
  m_PrefabInstance: {fileID: 0}
  m_PrefabAsset: {fileID: 0}
  m_GameObject: {fileID: 987199314706133233}
  m_LocalRotation: {x: 0.09778341, y: 0.045379855, z: -0.36344683, w: 0.9253569}
  m_LocalPosition: {x: 0.0000026100258, y: 0.22867444, z: 0.0000004618465}
  m_LocalScale: {x: 1, y: 1, z: 1}
  m_Children:
  - {fileID: 990375164431286691}
  m_Father: {fileID: 990375164756584193}
  m_RootOrder: 0
  m_LocalEulerAnglesHint: {x: 0, y: 0, z: 0}
--- !u!1 &987199314747664077
GameObject:
  m_ObjectHideFlags: 0
  m_CorrespondingSourceObject: {fileID: 0}
  m_PrefabInstance: {fileID: 0}
  m_PrefabAsset: {fileID: 0}
  serializedVersion: 6
  m_Component:
  - component: {fileID: 990375166343126167}
  m_Layer: 0
  m_Name: LeftUpLeg
  m_TagString: Untagged
  m_Icon: {fileID: 0}
  m_NavMeshLayer: 0
  m_StaticEditorFlags: 0
  m_IsActive: 1
--- !u!4 &990375166343126167
Transform:
  m_ObjectHideFlags: 0
  m_CorrespondingSourceObject: {fileID: 0}
  m_PrefabInstance: {fileID: 0}
  m_PrefabAsset: {fileID: 0}
  m_GameObject: {fileID: 987199314747664077}
  m_LocalRotation: {x: 0.000557532, y: -0.0054095713, z: 0.9999289, w: 0.010615664}
  m_LocalPosition: {x: -0.06800782, y: -0.050893534, z: 0.010149326}
  m_LocalScale: {x: 1, y: 1, z: 1}
  m_Children:
  - {fileID: 990375165907188179}
  m_Father: {fileID: 990375164942801079}
  m_RootOrder: 0
  m_LocalEulerAnglesHint: {x: 0, y: 0, z: 0}
--- !u!1 &987199314936488633
GameObject:
  m_ObjectHideFlags: 0
  m_CorrespondingSourceObject: {fileID: 0}
  m_PrefabInstance: {fileID: 0}
  m_PrefabAsset: {fileID: 0}
  serializedVersion: 6
  m_Component:
  - component: {fileID: 990375164335324579}
  m_Layer: 0
  m_Name: Spine
  m_TagString: Untagged
  m_Icon: {fileID: 0}
  m_NavMeshLayer: 0
  m_StaticEditorFlags: 0
  m_IsActive: 1
--- !u!4 &990375164335324579
Transform:
  m_ObjectHideFlags: 0
  m_CorrespondingSourceObject: {fileID: 0}
  m_PrefabInstance: {fileID: 0}
  m_PrefabAsset: {fileID: 0}
  m_GameObject: {fileID: 987199314936488633}
  m_LocalRotation: {x: -0.10089806, y: -0.00000025000347, z: 0.0000038028977, w: 0.99489677}
  m_LocalPosition: {x: 6.0813645e-14, y: 0.09179367, z: -0.018812109}
  m_LocalScale: {x: 1, y: 1, z: 1}
  m_Children:
  - {fileID: 990375165372318559}
  m_Father: {fileID: 990375164942801079}
  m_RootOrder: 2
  m_LocalEulerAnglesHint: {x: 0, y: 0, z: 0}
--- !u!1 &987199314942033979
GameObject:
  m_ObjectHideFlags: 0
  m_CorrespondingSourceObject: {fileID: 0}
  m_PrefabInstance: {fileID: 0}
  m_PrefabAsset: {fileID: 0}
  serializedVersion: 6
  m_Component:
  - component: {fileID: 990375168049595775}
  m_Layer: 0
  m_Name: Head
  m_TagString: Untagged
  m_Icon: {fileID: 0}
  m_NavMeshLayer: 0
  m_StaticEditorFlags: 0
  m_IsActive: 1
--- !u!4 &990375168049595775
Transform:
  m_ObjectHideFlags: 0
  m_CorrespondingSourceObject: {fileID: 0}
  m_PrefabInstance: {fileID: 0}
  m_PrefabAsset: {fileID: 0}
  m_GameObject: {fileID: 987199314942033979}
  m_LocalRotation: {x: 2.064312e-20, y: 2.0646443e-20, z: 8.5989225e-19, w: 1}
  m_LocalPosition: {x: 4.3633096e-14, y: 0.079160914, z: 0.03515103}
  m_LocalScale: {x: 1, y: 1, z: 1}
  m_Children:
  - {fileID: 990375167379976293}
  m_Father: {fileID: 990375164779468305}
  m_RootOrder: 0
  m_LocalEulerAnglesHint: {x: 0, y: 0, z: 0}
--- !u!1 &987199314943118711
GameObject:
  m_ObjectHideFlags: 0
  m_CorrespondingSourceObject: {fileID: 0}
  m_PrefabInstance: {fileID: 0}
  m_PrefabAsset: {fileID: 0}
  serializedVersion: 6
  m_Component:
  - component: {fileID: 990375168033539351}
  m_Layer: 0
  m_Name: LeftHandIndex4
  m_TagString: Untagged
  m_Icon: {fileID: 0}
  m_NavMeshLayer: 0
  m_StaticEditorFlags: 0
  m_IsActive: 1
--- !u!4 &990375168033539351
Transform:
  m_ObjectHideFlags: 0
  m_CorrespondingSourceObject: {fileID: 0}
  m_PrefabInstance: {fileID: 0}
  m_PrefabAsset: {fileID: 0}
  m_GameObject: {fileID: 987199314943118711}
  m_LocalRotation: {x: 0.00000011760424, y: 0.00000018088129, z: -0.00000006929435, w: 1}
  m_LocalPosition: {x: -0.0000031189747, y: 0.022616118, z: 0.00000036177872}
  m_LocalScale: {x: 1, y: 1, z: 1}
  m_Children: []
  m_Father: {fileID: 990375165887972791}
  m_RootOrder: 0
  m_LocalEulerAnglesHint: {x: 0, y: 0, z: 0}
--- !u!1 &987199314945700453
GameObject:
  m_ObjectHideFlags: 0
  m_CorrespondingSourceObject: {fileID: 0}
  m_PrefabInstance: {fileID: 0}
  m_PrefabAsset: {fileID: 0}
  serializedVersion: 6
  m_Component:
  - component: {fileID: 990375165005596529}
  m_Layer: 0
  m_Name: RightHandThumb3
  m_TagString: Untagged
  m_Icon: {fileID: 0}
  m_NavMeshLayer: 0
  m_StaticEditorFlags: 0
  m_IsActive: 1
--- !u!4 &990375165005596529
Transform:
  m_ObjectHideFlags: 0
  m_CorrespondingSourceObject: {fileID: 0}
  m_PrefabInstance: {fileID: 0}
  m_PrefabAsset: {fileID: 0}
  m_GameObject: {fileID: 987199314945700453}
  m_LocalRotation: {x: -0.0005249954, y: -0.005273175, z: -0.22176856, w: 0.97508496}
  m_LocalPosition: {x: 0.0005259341, y: 0.033341076, z: -0.0000005251329}
  m_LocalScale: {x: 1, y: 1, z: 1}
  m_Children:
  - {fileID: 990375165444193187}
  m_Father: {fileID: 990375165990546567}
  m_RootOrder: 0
  m_LocalEulerAnglesHint: {x: 0, y: 0, z: 0}
--- !u!1 &987199314957284139
GameObject:
  m_ObjectHideFlags: 0
  m_CorrespondingSourceObject: {fileID: 0}
  m_PrefabInstance: {fileID: 0}
  m_PrefabAsset: {fileID: 0}
  serializedVersion: 6
  m_Component:
  - component: {fileID: 990375164186957953}
  m_Layer: 0
  m_Name: LeftHandPinky4
  m_TagString: Untagged
  m_Icon: {fileID: 0}
  m_NavMeshLayer: 0
  m_StaticEditorFlags: 0
  m_IsActive: 1
--- !u!4 &990375164186957953
Transform:
  m_ObjectHideFlags: 0
  m_CorrespondingSourceObject: {fileID: 0}
  m_PrefabInstance: {fileID: 0}
  m_PrefabAsset: {fileID: 0}
  m_GameObject: {fileID: 987199314957284139}
  m_LocalRotation: {x: -0.00000013382238, y: 0.00000018303349, z: -0.00000008803597, w: 1}
  m_LocalPosition: {x: 0.00021714147, y: 0.019756192, z: 0.000000016646823}
  m_LocalScale: {x: 1, y: 1, z: 1}
  m_Children: []
  m_Father: {fileID: 990375167849593239}
  m_RootOrder: 0
  m_LocalEulerAnglesHint: {x: 0, y: 0, z: 0}
--- !u!1 &987199314962551781
GameObject:
  m_ObjectHideFlags: 0
  m_CorrespondingSourceObject: {fileID: 0}
  m_PrefabInstance: {fileID: 0}
  m_PrefabAsset: {fileID: 0}
  serializedVersion: 6
  m_Component:
  - component: {fileID: 990375166378988463}
  m_Layer: 0
  m_Name: LeftHandRing3
  m_TagString: Untagged
  m_Icon: {fileID: 0}
  m_NavMeshLayer: 0
  m_StaticEditorFlags: 0
  m_IsActive: 1
--- !u!4 &990375166378988463
Transform:
  m_ObjectHideFlags: 0
  m_CorrespondingSourceObject: {fileID: 0}
  m_PrefabInstance: {fileID: 0}
  m_PrefabAsset: {fileID: 0}
  m_GameObject: {fileID: 987199314962551781}
  m_LocalRotation: {x: 0.37869936, y: 0.00045139724, z: 0.0037382725, w: 0.9255121}
  m_LocalPosition: {x: -0.000009233514, y: 0.027751995, z: 0.00000015649228}
  m_LocalScale: {x: 1, y: 1, z: 1}
  m_Children:
  - {fileID: 990375167204432855}
  m_Father: {fileID: 990375164502167629}
  m_RootOrder: 0
  m_LocalEulerAnglesHint: {x: 0, y: 0, z: 0}
--- !u!1 &987199315027538985
GameObject:
  m_ObjectHideFlags: 0
  m_CorrespondingSourceObject: {fileID: 0}
  m_PrefabInstance: {fileID: 0}
  m_PrefabAsset: {fileID: 0}
  serializedVersion: 6
  m_Component:
  - component: {fileID: 990375167304434385}
  - component: {fileID: 888908710948074469}
  m_Layer: 0
  m_Name: MainCharacterMesh
  m_TagString: Untagged
  m_Icon: {fileID: 0}
  m_NavMeshLayer: 0
  m_StaticEditorFlags: 0
  m_IsActive: 1
--- !u!4 &990375167304434385
Transform:
  m_ObjectHideFlags: 0
  m_CorrespondingSourceObject: {fileID: 0}
  m_PrefabInstance: {fileID: 0}
  m_PrefabAsset: {fileID: 0}
  m_GameObject: {fileID: 987199315027538985}
  m_LocalRotation: {x: 0, y: -0, z: -0, w: 1}
  m_LocalPosition: {x: -0, y: 0, z: 0}
  m_LocalScale: {x: 1, y: 1, z: 1}
  m_Children: []
  m_Father: {fileID: 990375167450424649}
  m_RootOrder: 0
  m_LocalEulerAnglesHint: {x: 0, y: 0, z: 0}
--- !u!137 &888908710948074469
SkinnedMeshRenderer:
  m_ObjectHideFlags: 0
  m_CorrespondingSourceObject: {fileID: 0}
  m_PrefabInstance: {fileID: 0}
  m_PrefabAsset: {fileID: 0}
  m_GameObject: {fileID: 987199315027538985}
  m_Enabled: 1
  m_CastShadows: 1
  m_ReceiveShadows: 1
  m_DynamicOccludee: 1
  m_MotionVectors: 1
  m_LightProbeUsage: 1
  m_ReflectionProbeUsage: 1
  m_RayTracingMode: 3
  m_RayTraceProcedural: 0
  m_RenderingLayerMask: 1
  m_RendererPriority: 0
  m_Materials:
  - {fileID: 2100000, guid: 565a3425a1d18224da864f597f3c22db, type: 2}
  m_StaticBatchInfo:
    firstSubMesh: 0
    subMeshCount: 0
  m_StaticBatchRoot: {fileID: 0}
  m_ProbeAnchor: {fileID: 0}
  m_LightProbeVolumeOverride: {fileID: 0}
  m_ScaleInLightmap: 1
  m_ReceiveGI: 1
  m_PreserveUVs: 0
  m_IgnoreNormalsForChartDetection: 0
  m_ImportantGI: 0
  m_StitchLightmapSeams: 1
  m_SelectedEditorRenderState: 3
  m_MinimumChartSize: 4
  m_AutoUVMaxDistance: 0.5
  m_AutoUVMaxAngle: 89
  m_LightmapParameters: {fileID: 0}
  m_SortingLayerID: 0
  m_SortingLayer: 0
  m_SortingOrder: 0
  serializedVersion: 2
  m_Quality: 0
  m_UpdateWhenOffscreen: 0
  m_SkinnedMotionVectors: 1
  m_Mesh: {fileID: 4300000, guid: 6cae2f82a0a62ff4ab9be3eeeda19688, type: 3}
  m_Bones:
  - {fileID: 990375164779468305}
  - {fileID: 990375168049595775}
  - {fileID: 990375166802021759}
  - {fileID: 990375166343126167}
  - {fileID: 990375165881768299}
  - {fileID: 990375164942801079}
  - {fileID: 990375165907188179}
  - {fileID: 990375167525398911}
  - {fileID: 990375167251506919}
  - {fileID: 990375165975785883}
  - {fileID: 990375167338509401}
  - {fileID: 990375168228815937}
  - {fileID: 990375164335324579}
  - {fileID: 990375165372318559}
  - {fileID: 990375167497531197}
  - {fileID: 990375166323783001}
  - {fileID: 990375165968307331}
  - {fileID: 990375164756584193}
  - {fileID: 990375165597485917}
  - {fileID: 990375164431286691}
  - {fileID: 990375167646664401}
  - {fileID: 990375166396736299}
  - {fileID: 990375167143662779}
  - {fileID: 990375165887972791}
  - {fileID: 990375164493919141}
  - {fileID: 990375167921245917}
  - {fileID: 990375166990122311}
  - {fileID: 990375167482613091}
  - {fileID: 990375166220947097}
  - {fileID: 990375165144037677}
  - {fileID: 990375166155184347}
  - {fileID: 990375164502167629}
  - {fileID: 990375167849593239}
  - {fileID: 990375166378988463}
  - {fileID: 990375165197227293}
  - {fileID: 990375165548837633}
  - {fileID: 990375164389832719}
  - {fileID: 990375166908705929}
  - {fileID: 990375166572225405}
  - {fileID: 990375167273049187}
  - {fileID: 990375165990546567}
  - {fileID: 990375165005596529}
  - {fileID: 990375168128920945}
  - {fileID: 990375164243075797}
  - {fileID: 990375167506220223}
  - {fileID: 990375166602634837}
  - {fileID: 990375165601356007}
  - {fileID: 990375166496550507}
  - {fileID: 990375168311081709}
  - {fileID: 990375164121721285}
  - {fileID: 990375166098217203}
  - {fileID: 990375167044848303}
  m_BlendShapeWeights: []
  m_RootBone: {fileID: 990375164942801079}
  m_AABB:
    m_Center: {x: 0.018524915, y: 0.22953457, z: 0.16304655}
    m_Extent: {x: 0.46807364, y: 0.29539472, z: 0.37432653}
  m_DirtyAABB: 0
--- !u!1 &987199315049036137
GameObject:
  m_ObjectHideFlags: 0
  m_CorrespondingSourceObject: {fileID: 0}
  m_PrefabInstance: {fileID: 0}
  m_PrefabAsset: {fileID: 0}
  serializedVersion: 6
  m_Component:
  - component: {fileID: 990375167482613091}
  m_Layer: 0
  m_Name: LeftHandMiddle1
  m_TagString: Untagged
  m_Icon: {fileID: 0}
  m_NavMeshLayer: 0
  m_StaticEditorFlags: 0
  m_IsActive: 1
--- !u!4 &990375167482613091
Transform:
  m_ObjectHideFlags: 0
  m_CorrespondingSourceObject: {fileID: 0}
  m_PrefabInstance: {fileID: 0}
  m_PrefabAsset: {fileID: 0}
  m_GameObject: {fileID: 987199315049036137}
  m_LocalRotation: {x: 0.21574894, y: 0.04528553, z: -0.0079826955, w: 0.9753656}
  m_LocalPosition: {x: 0.011939464, y: 0.10080528, z: -0.004198692}
  m_LocalScale: {x: 1, y: 1, z: 1}
  m_Children:
  - {fileID: 990375166155184347}
  m_Father: {fileID: 990375164431286691}
  m_RootOrder: 1
  m_LocalEulerAnglesHint: {x: 0, y: 0, z: 0}
--- !u!1 &987199315091597145
GameObject:
  m_ObjectHideFlags: 0
  m_CorrespondingSourceObject: {fileID: 0}
  m_PrefabInstance: {fileID: 0}
  m_PrefabAsset: {fileID: 0}
  serializedVersion: 6
  m_Component:
  - component: {fileID: 990375166220947097}
  m_Layer: 0
  m_Name: LeftHandRing1
  m_TagString: Untagged
  m_Icon: {fileID: 0}
  m_NavMeshLayer: 0
  m_StaticEditorFlags: 0
  m_IsActive: 1
--- !u!4 &990375166220947097
Transform:
  m_ObjectHideFlags: 0
  m_CorrespondingSourceObject: {fileID: 0}
  m_PrefabInstance: {fileID: 0}
  m_PrefabAsset: {fileID: 0}
  m_GameObject: {fileID: 987199315091597145}
  m_LocalRotation: {x: 0.344458, y: -0.07281816, z: -0.25315213, w: 0.90108836}
  m_LocalPosition: {x: -0.014367036, y: 0.10130697, z: -0.0030922506}
  m_LocalScale: {x: 1, y: 1, z: 1}
  m_Children:
  - {fileID: 990375164502167629}
  m_Father: {fileID: 990375164431286691}
  m_RootOrder: 3
  m_LocalEulerAnglesHint: {x: 0, y: 0, z: 0}
--- !u!1 &987199315177416393
GameObject:
  m_ObjectHideFlags: 0
  m_CorrespondingSourceObject: {fileID: 0}
  m_PrefabInstance: {fileID: 0}
  m_PrefabAsset: {fileID: 0}
  serializedVersion: 6
  m_Component:
  - component: {fileID: 990375166602634837}
  m_Layer: 0
  m_Name: RightHandPinky2
  m_TagString: Untagged
  m_Icon: {fileID: 0}
  m_NavMeshLayer: 0
  m_StaticEditorFlags: 0
  m_IsActive: 1
--- !u!4 &990375166602634837
Transform:
  m_ObjectHideFlags: 0
  m_CorrespondingSourceObject: {fileID: 0}
  m_PrefabInstance: {fileID: 0}
  m_PrefabAsset: {fileID: 0}
  m_GameObject: {fileID: 987199315177416393}
  m_LocalRotation: {x: 0.18285196, y: -0.001095309, z: -0.0077755656, w: 0.9831091}
  m_LocalPosition: {x: 0.00015404657, y: 0.027854493, z: -0.00000031463676}
  m_LocalScale: {x: 1, y: 1, z: 1}
  m_Children:
  - {fileID: 990375166098217203}
  m_Father: {fileID: 990375167506220223}
  m_RootOrder: 0
  m_LocalEulerAnglesHint: {x: 0, y: 0, z: 0}
